@article{bastian_et_al:dune1:2008,
    author      = {Bastian, P. and Blatt, M. and Dedner, A. and Engwer, C. and Kl{\"o}fkorn, R. and Ohlberger, M. and Sander, O.},
    title       = {A Generic Grid Interface for Adaptive and Parallel Scientific Computing. {P}art {I}: Abstract Framework},
    journal     = {Computing},
    year        = {2008},
    volume      = {82},
    number      = {2--3},
    pages       = {103--119}
}

@article{bastian_et_al:dune2:2008,
    author      = {Bastian, P. and Blatt, M. and Dedner, A. and Engwer, C. and Kl\"ofkorn, R. and Kornhuber, R. and Ohlberger, M. and Sander, O.},
    title       = {A Generic Grid Interface for Adaptive and Parallel Scientific Computing. {P}art {II}: Implementation and Tests in {DUNE}},
    journal     = {Computing},
    year        = {2008},
    volume      = {82},
    number      = {2--3},
    pages       = {121--138}
}

@misc{Niebler:rangev3,
    title = {Range-v3 library},
    author = {Niebler, E.},
    howpublished = {\url{https://github.com/ericniebler/range-v3}}
}

@misc{DuneFunctions,
    title        = {Dune-functions module},
    author       = {Engwer, C. and Gr{\"a}ser, C. and Müthing, S. and Sander, O.},
    howpublished = {\url{http://www.dune-project.org/modules/dune-functions}}
}

@misc{Adobe:asl,
    title = {Adobe Source Libraries},
    author = {Parent, S. and Marcus, M. and Brereton, F.},
    howpublished = {\url{http://stlab.adobe.com/}}
}

@misc{Watanabe:boost_type_erasure,
    title = {Boost type erasure library},
    author = {Watanabe, S.},
    howpublished = {\url{http://www.boost.org/doc/libs/release/libs/type_erasure/}}
}

@misc{Niebler:concepts,
    author       = {Niebler, E.},
    title        = {Concept checking in {C}++11},
    howpublished = {online blog, \url{http://ericniebler.com/2013/11/23/concept-checking-in-c11}},
    year         = {2013},
    note         = {last checked on Dec.\,8.\,2015},
    lastchecked  = {Dec.\,8.\,2015}

}

@inproceedings{driesen_hoelzle:1996,
    author    = {Driesen, K. and H\"{o}lzle, U.},
    title     = {The Direct Cost of Virtual Function Calls in {C}++},
    booktitle = {Proceedings of the 11th ACM SIGPLAN Conference on Object-oriented Programming, Systems, Languages, and Applications},
    series    = {OOPSLA '96},
    year      = {1996},
    pages     = {306--323},
    acmid     = {236369},
    publisher = {ACM}
}


@Misc{hubicka:2014,
    author       = {Hubi\v{c}ka, J.},
    title        = {Devirtualization in {C}++},
    howpublished = {online blog, \url{{http://hubicka.blogspot.de/2014/01/devirtualization-in-c-part-1.html}}},
    year         = {2014},
    note         = {(at least) seven parts, last checked on Dec.\,8.\,2015},
    url          = {http://hubicka.blogspot.de/2014/01/devirtualization-in-c-part-1.html},
    lastchecked  = {Dec.\,8.\,2015}
}

@misc{cpp_standard:2003,
    Author      = {{International Organization for Standardization}},
    Month       = {9},
    Shortauthor = {{ISO}},
    Title       = {{ISO/IEC 14882:2003 Programming Language C++}},
    Year        = {2003}
}


@misc{cpp_standard:2011,
    Author      = {{International Organization for Standardization}},
    Month       = {9},
    Shortauthor = {{ISO}},
    Title       = {{ISO/IEC 14882:2011 Programming Language C++}},
    Year        = {2011}
}

@article{engwer_graeser_muething_sander:2015,
 author        = {Christian Engwer and Carsten Gräser and Steffen Müthing and Oliver Sander},
 title         = {The Interface for Functions in the dune-functions Module},
 year          = {2017},
 journal       = {Archive of Numerical Software},
 volume        = {5},
 number        = {1},
 pages         = {95--105},
 doi           = {10.11588/ans.2017.1.27683},
}


