
@Book{braess:2013,
author = {Dietrich Braess},
title = {Finite Elemente},
publisher = {Springer},
year = {2013}
}

@PhdThesis{muething:2015,
 author = {Steffen M\"uthing},
 title = {A Flexible Framework for Multi Physics and Multi Domain PDE Simulations},
 school = {Universit\"at Stuttgart},
 year = {2015}
}

@article {moes_dolbow_belytschko:1999,
author = {Mo\"es, Nicolas and Dolbow, John and Belytschko, Ted},
title = {A finite element method for crack growth without remeshing},
journal = {International Journal for Numerical Methods in Engineering},
volume = {46},
number = {1},
publisher = {John Wiley & Sons, Ltd.},
pages = {131--150},
year = {1999}
}

@Book{cormen:1990,
author = {Thomas H. Cormen and Charles E. Leiserson and Ronald L. Rivest},
title = {Introduction to Algorithms},
publisher = {MIT Press},
year = {1990}
}

@Book{cottrell_hughes_bazilevs:2009,
 title = {Isogeometric Analysis},
 publisher = {Wiley},
 year = {2009},
 author = {J. Austin Cottrell and Thomas J. R. Hughes and Yuri Bazilevs}
}

@article{bank:1996,
 author = {Bank,Randolph E.},
 title = {Hierarchical bases and the finite element method},
 journal = {Acta Numerica},
 volume = {5},
 year = {1996},
 pages = {1--43},
 doi = {10.1017/S0962492900002610}
}

@article{engwer_graeser_muething_sander:2015,
 author        = {Christian Engwer and Carsten Gräser and Steffen Müthing and Oliver Sander},
 title         = {The Interface for Functions in the dune-functions Module},
 year          = {2017},
 journal       = {Archive of Numerical Software},
 volume        = {5},
 number        = {1},
 pages         = {95--105},
 doi           = {10.11588/ans.2017.1.27683},
}

@Book{bader:2013,
 title = {Space-Filling Curves -- An Introduction with Applications in Scientific Computing},
 publisher = {Springer},
 year = {2013},
 author = {Michael Bader}
}

@Article{rannacher_turek:1992,
 author = {Rolf Rannacher and Stefan Turek},
 title = {Simple Nonconforming Quadrilateral {S}tokes Element},
 journal = {Numerical Methods for Partial Differential Equations},
 year = {1992},
 volume = {8},
 number = {},
 pages = {97--111}
}

@Book{boffi_brezzi_fortin:2013,
 title = {Mixed Finite Element Methods and Applications},
 publisher = {Springer},
 year = {2013},
 author = {Daniele Boffi and Franco Brezzi and Michel Fortin}
}

@Book{saad:2003,
 title = {Iterative methods for sparse linear systems},
 publisher = {SIAM},
 year = {2003},
 author = {Yousef Saad},
 edition = {2nd}
}

@Book{hesthaven_warburton:2008,
 title = {Nodal Discontinuous Galerkin Methods},
 publisher = {Springer},
 year = {2008},
 author = {Jan S. Hesthaven and Tim Warburton}
}

@Article{koenig_moo:2005,
 author = {Andrew Koenig and Barbara E. Moo},
 title = {Templates and Duck Typing},
 journal = {Dr. Dobb's},
 year = {2005},
 note = {online},
 url = {www.drdobbs.com/templates-and-duck-typing/184401971}
}

@Book{ciarlet:1978,
 title = {The Finite Element Method for Elliptic Problems},
 publisher = {North-Holland},
 year = {1978},
 author = {Philippe G. Ciarlet}
}

@Book{john:2016,
 title = {Finite Element Methods for Incompressible Flow Problems},
 publisher = {Springer},
 year = {2016},
 author = {Volker John}
}

@article{schreiber1983driven,
  title={Driven cavity flows by efficient numerical techniques},
  author={Schreiber, Rob and Keller, Herbert B.},
  journal={Journal of Computational Physics},
  volume={49},
  number={2},
  pages={310--333},
  year={1983},
  publisher={Elsevier}
}
