@article{Braack2014,
Author = {Braack, Malte and Mucha, Piotr Boguslaw},
ISSN = {02549409},
Journal = {Journal of Computational Mathematics},
Keywords = {NAVIER-Stokes equations, PROBLEM solving, STABILITY theory, EXISTENCE theorems, VISCOUS flow, FINITE element method, Boundary conditions, Existence, Navier-Stokes, Outflow condition},
Number = {5},
Pages = {507 - 521},
Title = {DIRECTIONAL DO-NOTHING CONDITION FOR THE NAVIER-STOKES EQUATIONS.},
Volume = {32},
Year = {2014},
}

@article{Neustupa2007,
Author = {Neustupa, Jiri and Penel Patrick},
Journal = {RIMS Kôkyûroku},
Volume = {1536},
Pages = {46 - 57},
Title = {The {N}avier-{S}tokes equation with slip boundary conditions},
Year = {2007},
}


@Misc{JohnLectureNotes,
  OPTkey = 	 {},
  author = 	 {John, Volker},
  title = 	 {The {N}avier–{S}tokes Equations as Model for Incompressible Flows},
  OPThowpublished = {},
  OPTmonth = 	 {},
  OPTyear = 	 {},
  note = 	 {\url{https://www.wias-berlin.de/people/john/LEHRE/NUM_NSE_14/num_nse_15_1.pdf} download
  September 10, 2018}
}

@article{John_etal_2017,
author = {John, V. and Linke, A. and Merdon, C. and Neilan, M. and Rebholz, L.},
title = {On the Divergence Constraint in Mixed Finite Element Methods for Incompressible Flows},
journal = {SIAM Review},
volume = {59},
number = {3},
pages = {492-544},
year = {2017},
doi = {10.1137/15M1047696},

URL = { 
        https://doi.org/10.1137/15M1047696
    
},
eprint = { 
        https://doi.org/10.1137/15M1047696
    
}

}

