@article {NME:NME2579,
author = {Geuzaine, Christophe and Remacle, Jean-Fran√ßois},
title = {Gmsh: A 3-D finite element mesh generator with built-in pre- and post-processing facilities},
journal = {International Journal for Numerical Methods in Engineering},
volume = {79},
number = {11},
publisher = {John Wiley & Sons, Ltd.},
issn = {1097-0207},
url = {http://dx.doi.org/10.1002/nme.2579},
doi = {10.1002/nme.2579},
pages = {1309--1331},
keywords = {computer-aided design, mesh generation, post-processing, finite element method, open-source software},
year = {2009},
}

@Book{Eriksson,
  author = 	 {K. Eriksson and D. Estep and P. Hansbo and C. Johnson},
  title = 	 {Computational Differential Equations},
  publisher = 	 {Cambridge University Press},
  note =         {{\small\url{http://www.csc.kth.se/~jjan/transfer/cde.pdf}} },
  year = 	 {1996},
}

@Book{LeVeque,
  author = 	 {{R. J.} Leveque},
  title = 		 {Finite Volume Methods for Hyperbolic Problems},
  publisher = 	 {Cambridge University Press},
  year = 		 {2002},
}

@Book{Ern,
  author = 	 {A. Ern and {J.-L.} Guermond},
  title = 	 {Theory and practice of finite element methods},
  publisher = 	 {Springer},
  year = 	 {2004},
}


@Book{Ciarlet,
  author = 	 {{P. G.} Ciarlet},
  title = 	 {The finite element method for elliptic problems},
  publisher = 	 {SIAM},
  year = 	 {2002},
  series = 	 {Classics in Applied Mathematics},
}

@Book{Braess,
  author =       "D. Braess",
  title =        "Finite Elemente",
  publisher =    "Springer",
  year =         "2003",
  edition = "3rd"
}

@Book{Brenner,
  author =       "{S. C.} Brenner and {L. R.} Scott",
  title =        "The mathematical theory of finite element methods",
  publisher =    "Springer",
  year =         "1994",
}

@Book{Elman2005,
  author = 	 {H.~Elman and D.~Silvester and A.~Wathen},
  title = 	 {Finite Elements and Fast Iterative Solvers},
  publisher = 	 {Oxford University Press},
  year = 	 {2005},
}

@Book{GR,
  author = 	 {C. Gro\ss{}mann and {H.-G.} Roos},
  title = 		 {Numerische Behandlung partieller Differentialgleichungen},
  publisher = 	 {Teubner},
  year = 		 {2006},
}

@Book{WHElliptisch,
  author = 	 {W. Hackbusch},
  title = 		 {Theorie und Numerik elliptischer Differentialgleichungen},
  publisher = 	 {Teubner},
  year = 		 {1986},
  note = 	 {{\small\url{http://www.mis.mpg.de/preprints/ln/lecturenote-2805.pdf}}},
}

@Unpublished{RannacherII,
  author = 		 {R. Rannacher},
  title = 		 {Einf\"{u}hrung in die {N}umerische {M}athematik {II} ({N}umerik partieller Differentialgleichungen)},
  note = 		 {{\small\url{http://numerik.iwr.uni-heidelberg.de/~lehre/notes}} },
  year = 	 {2006},
}

@Unpublished{BastianII,
  author = 		 {P. Bastian},
  title = 		 {Lecture Notes on Scientific Computing with Partial Differential Equations},
  note = 		 {{\small\url{http://conan.iwr.uni-heidelberg.de/teaching/numerik2_ss2014/num2.pdf}} },
  year = 	 {2014},
}
