@Book{LeVeque,
  author = 	 {{R. J.} Leveque},
  title = 		 {Finite Volume Methods for Hyperbolic Problems},
  publisher = 	 {Cambridge University Press},
  year = 		 {2002},
}

@Book{Evans,
  author = 	 {{L. C.} Evans},
  title = 		 {Partial Differential Equations},
  publisher = 	 {American Mathematical Society},
  year = 		 {2010},
  edition = "2nd"
}

@Book{RR,
  author = 	 {M. Renardy and {R. C.} Rogers},
  title = 		 {An Introduction to Partial Differential Equations},
  publisher = 	 {Springer},
  year = 		 {1993},
  volume = 	 {13},
  series = 	 {Texts in Applied Mathematics},
}

@inbook {OhlbergerBarth2004,
title = {Finite Volume Methods: Foundation and Analysis},
author = {Barth, Timothy and Ohlberger, Mario},
publisher = {John Wiley \& Sons, Ltd},
isbn = {9780470091357},
url = {http://dx.doi.org/10.1002/0470091355.ecm010},
doi = {10.1002/0470091355.ecm010},
keywords = {finite volume methods, conservation laws, nonoscillatory approximation, discrete maximum principles, higher-order schemes},
booktitle = {Encyclopedia of Computational Mechanics},
year = {2004},
}

@article{Dole2004727,
title = "A semi-implicit discontinuous Galerkin finite element method for the numerical solution of inviscid compressible flow ",
journal = "Journal of Computational Physics ",
volume = "198",
number = "2",
pages = "727 - 746",
year = "2004",
note = "",
issn = "0021-9991",
doi = "http://dx.doi.org/10.1016/j.jcp.2004.01.023",
url = "http://www.sciencedirect.com/science/article/pii/S0021999104000609",
author = "V. Dolej\v{s}\'{i} and M. Feistauer",
}

@Book{WHElliptisch,
  author = 	 {W. Hackbusch},
  title = 		 {Theorie und Numerik elliptischer Differentialgleichungen},
  publisher = 	 {Teubner},
  year = 		 {1986},
  note = 	 {{\small\url{http://www.mis.mpg.de/preprints/ln/lecturenote-2805.pdf}}},
}

@book{feistauer_book,
author = {M. Feistauer and J. Felcman and I. Straskraba},
publisher = "Clarendon Press",
title = "{Mathematical and Computational Methods for Compressible Flow}",
year = "2003"
}

@Book{Eriksson,
  author = 	 {K. Eriksson and D. Estep and P. Hansbo and C. Johnson},
  title = 	 {Computational Differential Equations},
  publisher = 	 {Cambridge University Press},
  year = 	 {1996},
}

@Book{SmirnowII,
  author = 	 {{W. I.} Smirnow},
  title = 	 {Lehrgang der h\"{o}heren {M}athematik - {Teil II}},
  publisher = 	 {VEB Verlag der deutschen Wissenschaften},
  year = 	 {1981},
  edition = 	 {15.},
}

@Book{JinBook,
  author = 	 {J. Jin},
  title = 	 {The Finite Element Method in Electromagnetics},
  publisher = 	 {John Wiley \& Sons},
  year = 	 {2002},
  edition = 	 {2.},
}
@book{DiPietro,
  title={Mathematical Aspects of Discontinuous Galerkin Methods},
  author={Di Pietro, D.A. and Ern, A.},
  isbn={9783642229800},
  lccn={2011940956},
  series={Math{\'e}matiques et Applications},
  year={2011},
  publisher={Springer Berlin Heidelberg}
}